<?xml version="1.0" encoding="UTF-8"?><collection xmlns="http://www.loc.gov/MARC21/slim"><record><leader>00457nam--2200181-u-4500</leader><controlfield tag="001">000056377</controlfield><controlfield tag="002">20161230</controlfield><controlfield tag="005">20161230201052</controlfield><controlfield tag="008">150812s1000------------r-----000-0-rus-d</controlfield><datafield ind1=" " ind2=" " tag="040"><subfield code="a">IFIN-HH</subfield></datafield><datafield ind1=" " ind2=" " tag="041"><subfield code="a">rus</subfield></datafield><datafield ind1=" " ind2=" " tag="080"><subfield code="a">53(075.8)</subfield></datafield><datafield ind1="1" ind2=" " tag="100"><subfield code="a">Vergerobskaia, N.N</subfield></datafield><datafield ind1="1" ind2="0" tag="245"><subfield code="a">Svornik zadaci i voprosov po fizike</subfield><subfield code="c">N.n. vergerobskaia, s.p. ezoroba</subfield></datafield><datafield ind1=" " ind2=" " tag="260"><subfield code="a">Mosva</subfield><subfield code="b">Visaia Skola</subfield><subfield code="c">1980</subfield></datafield><datafield ind1=" " ind2=" " tag="300"><subfield code="a">215+79P</subfield></datafield><datafield ind1="1" ind2=" " tag="700"><subfield code="a">Ezoroba, S.P</subfield></datafield><datafield ind1=" " ind2=" " tag="852"><subfield code="a">75502</subfield></datafield></record></collection>